<?xml version="1.0" encoding="UTF-8"?><collection xmlns="http://www.loc.gov/MARC21/slim"><record><leader>00336nam--2200133-i-4500</leader><controlfield tag="001">000004268</controlfield><controlfield tag="002">20161230</controlfield><controlfield tag="005">20161230201025</controlfield><controlfield tag="008">060222s1000------------r-----000-0-eng-d</controlfield><datafield ind1=" " ind2=" " tag="100"><subfield code="a">Born, Max</subfield></datafield><datafield ind1=" " ind2=" " tag="245"><subfield code="a">Natural philosophy of cause and change</subfield></datafield><datafield ind1=" " ind2=" " tag="260"><subfield code="a">Oxford, Doveer Publications, Inc., 1964</subfield></datafield><datafield ind1=" " ind2=" " tag="490"><subfield code="a">Vii + 216 P</subfield></datafield><datafield ind1=" " ind2=" " tag="852"><subfield code="a">53.01</subfield></datafield></record></collection>